@article{raffel:2020,
  author       = {Colin Raffel and
                  Noam Shazeer and
                  Adam Roberts and
                  Katherine Lee and
                  Sharan Narang and
                  Michael Matena and
                  Yanqi Zhou and
                  Wei Li and
                  Peter J. Liu},
  title        = {Exploring the Limits of Transfer Learning with a Unified Text-to-Text
                  Transformer},
  journal      = {J. Mach. Learn. Res.},
  volume       = {21},
  pages        = {140:1--140:67},
  year         = {2020},
  url          = {https://jmlr.org/papers/v21/20-074.html},
}

@inproceedings{levy:2024,
  author       = {Mosh Levy and
                  Alon Jacoby and
                  Yoav Goldberg},
  editor       = {Lun{-}Wei Ku and
                  Andre Martins and
                  Vivek Srikumar},
  title        = {Same Task, More Tokens: the Impact of Input Length on the Reasoning
                  Performance of Large Language Models},
  booktitle    = {Proceedings of the 62nd Annual Meeting of the Association for Computational
                  Linguistics (Volume 1: Long Papers), {ACL} 2024, Bangkok, Thailand,
                  August 11-16, 2024},
  pages        = {15339--15353},
  publisher    = {Association for Computational Linguistics},
  year         = {2024},
  url          = {https://doi.org/10.18653/v1/2024.acl-long.818},
  doi          = {10.18653/V1/2024.ACL-LONG.818}
}

@inproceedings{cho:2000,
  author       = {Junghoo Cho and
                  Hector Garcia{-}Molina},
  editor       = {Amr El Abbadi and
                  Michael L. Brodie and
                  Sharma Chakravarthy and
                  Umeshwar Dayal and
                  Nabil Kamel and
                  Gunter Schlageter and
                  Kyu{-}Young Whang},
  title        = {The Evolution of the Web and Implications for an Incremental Crawler},
  booktitle    = {{VLDB} 2000, Proceedings of 26th International Conference on Very
                  Large Data Bases, September 10-14, 2000, Cairo, Egypt},
  pages        = {200--209},
  publisher    = {Morgan Kaufmann},
  year         = {2000},
  url          = {http://www.vldb.org/conf/2000/P200.pdf}
}

@inproceedings{froebe:2021,
  author       = {Maik Fr{\"{o}}be and
                  Janek Bevendorff and
                  Lukas Gienapp and
                  Michael V{\"{o}}lske and
                  Benno Stein and
                  Martin Potthast and
                  Matthias Hagen},
  editor       = {Fernando Diaz and
                  Chirag Shah and
                  Torsten Suel and
                  Pablo Castells and
                  Rosie Jones and
                  Tetsuya Sakai},
  title        = {CopyCat: Near-Duplicates Within and Between the ClueWeb and the Common
                  Crawl},
  booktitle    = {{SIGIR} '21: The 44th International {ACM} {SIGIR} Conference on Research
                  and Development in Information Retrieval, Virtual Event, Canada, July
                  11-15, 2021},
  pages        = {2398--2404},
  publisher    = {{ACM}},
  year         = {2021},
  url          = {https://doi.org/10.1145/3404835.3463246},
  doi          = {10.1145/3404835.3463246}
}

@inproceedings{gienapp:2022,
  author       = {Lukas Gienapp and
                  Maik Fr{\"{o}}be and
                  Matthias Hagen and
                  Martin Potthast},
  editor       = {Fabio Crestani and
                  Gabriella Pasi and
                  {\'{E}}ric Gaussier},
  title        = {Sparse Pairwise Re-ranking with Pre-trained Transformers},
  booktitle    = {{ICTIR} '22: The 2022 {ACM} {SIGIR} International Conference on the
                  Theory of Information Retrieval, Madrid, Spain, July 11 - 12, 2022},
  pages        = {72--80},
  publisher    = {{ACM}},
  year         = {2022},
  url          = {https://doi.org/10.1145/3539813.3545140},
  doi          = {10.1145/3539813.3545140}
}

@article{mackenzie:2021,
  author       = {Joel Mackenzie and
                  Matthias Petri and
                  Alistair Moffat},
  title        = {A Sensitivity Analysis of the {MSMARCO} Passage Collection},
  journal      = {CoRR},
  volume       = {abs/2112.03396},
  year         = {2021},
  url          = {https://arxiv.org/abs/2112.03396},
  eprinttype    = {arXiv},
  eprint       = {2112.03396}
}

@article{pradeep:2021,
  author       = {Ronak Pradeep and
                  Rodrigo Frassetto Nogueira and
                  Jimmy Lin},
  title        = {The Expando-Mono-Duo Design Pattern for Text Ranking with Pretrained
                  Sequence-to-Sequence Models},
  journal      = {CoRR},
  volume       = {abs/2101.05667},
  year         = {2021},
  url          = {https://arxiv.org/abs/2101.05667},
  eprinttype    = {arXiv},
  eprint       = {2101.05667}
}

@inproceedings{zhuang:2024,
  author       = {Shengyao Zhuang and
                  Honglei Zhuang and
                  Bevan Koopman and
                  Guido Zuccon},
  editor       = {Grace Hui Yang and
                  Hongning Wang and
                  Sam Han and
                  Claudia Hauff and
                  Guido Zuccon and
                  Yi Zhang},
  title        = {A Setwise Approach for Effective and Highly Efficient Zero-shot Ranking
                  with Large Language Models},
  booktitle    = {Proceedings of the 47th International {ACM} {SIGIR} Conference on
                  Research and Development in Information Retrieval, {SIGIR} 2024, Washington
                  DC, USA, July 14-18, 2024},
  pages        = {38--47},
  publisher    = {{ACM}},
  year         = {2024},
  url          = {https://doi.org/10.1145/3626772.3657813},
  doi          = {10.1145/3626772.3657813}
}

@inproceedings{macavaney:2023,
  author       = {Sean MacAvaney and
                  Luca Soldaini},
  editor       = {Hsin{-}Hsi Chen and
                  Wei{-}Jou (Edward) Duh and
                  Hen{-}Hsen Huang and
                  Makoto P. Kato and
                  Josiane Mothe and
                  Barbara Poblete},
  title        = {One-Shot Labeling for Automatic Relevance Estimation},
  booktitle    = {Proceedings of the 46th International {ACM} {SIGIR} Conference on
                  Research and Development in Information Retrieval, {SIGIR} 2023, Taipei,
                  Taiwan, July 23-27, 2023},
  pages        = {2230--2235},
  publisher    = {{ACM}},
  year         = {2023},
  url          = {https://doi.org/10.1145/3539618.3592032},
  doi          = {10.1145/3539618.3592032}
}

@article{chung:2022,
  author       = {Hyung Won Chung and
                  Le Hou and
                  Shayne Longpre and
                  Barret Zoph and
                  Yi Tay and
                  William Fedus and
                  Eric Li and
                  Xuezhi Wang and
                  Mostafa Dehghani and
                  Siddhartha Brahma and
                  Albert Webson and
                  Shixiang Shane Gu and
                  Zhuyun Dai and
                  Mirac Suzgun and
                  Xinyun Chen and
                  Aakanksha Chowdhery and
                  Sharan Narang and
                  Gaurav Mishra and
                  Adams Yu and
                  Vincent Y. Zhao and
                  Yanping Huang and
                  Andrew M. Dai and
                  Hongkun Yu and
                  Slav Petrov and
                  Ed H. Chi and
                  Jeff Dean and
                  Jacob Devlin and
                  Adam Roberts and
                  Denny Zhou and
                  Quoc V. Le and
                  Jason Wei},
  title        = {Scaling Instruction-Finetuned Language Models},
  journal      = {CoRR},
  volume       = {abs/2210.11416},
  year         = {2022},
  url          = {https://doi.org/10.48550/arXiv.2210.11416},
  doi          = {10.48550/ARXIV.2210.11416}
}

@article{sanderson:2010,
  author       = {Mark Sanderson},
  title        = {Test Collection Based Evaluation of Information Retrieval Systems},
  journal      = {Found. Trends Inf. Retr.},
  volume       = {4},
  number       = {4},
  pages        = {247--375},
  year         = {2010},
  url          = {https://doi.org/10.1561/1500000009},
  doi          = {10.1561/1500000009}
}

@inproceedings{cleverdon:91,
  author       = {Cyril W. Cleverdon},
  editor       = {Abraham Bookstein and
                  Yves Chiaramella and
                  Gerard Salton and
                  Vijay V. Raghavan},
  title        = {The Significance of the Cranfield Tests on Index Languages},
  booktitle    = {Proceedings of the 14th Annual International {ACM} {SIGIR} Conference
                  on Research and Development in Information Retrieval. Chicago, Illinois,
                  USA, October 13-16, 1991 (Special Issue of the {SIGIR} Forum)},
  pages        = {3--12},
  publisher    = {{ACM}},
  year         = {1991},
  url          = {https://doi.org/10.1145/122860.122861},
  doi          = {10.1145/122860.122861}
}

@inproceedings{froebe:2023,
  author       = {Maik Fr{\"{o}}be and
                  Lukas Gienapp and
                  Martin Potthast and
                  Matthias Hagen},
  editor       = {Jaap Kamps and
                  Lorraine Goeuriot and
                  Fabio Crestani and
                  Maria Maistro and
                  Hideo Joho and
                  Brian Davis and
                  Cathal Gurrin and
                  Udo Kruschwitz and
                  Annalina Caputo},
  title        = {Bootstrapped nDCG Estimation in the Presence of Unjudged Documents},
  booktitle    = {Advances in Information Retrieval - 45th European Conference on Information
                  Retrieval, {ECIR} 2023, Dublin, Ireland, April 2-6, 2023, Proceedings,
                  Part {I}},
  series       = {Lecture Notes in Computer Science},
  volume       = {13980},
  pages        = {313--329},
  publisher    = {Springer},
  year         = {2023},
  url          = {https://doi.org/10.1007/978-3-031-28244-7\_20},
  doi          = {10.1007/978-3-031-28244-7\_20}
}

@article{moffat:08,
  author       = {Alistair Moffat and
                  Justin Zobel},
  title        = {Rank-biased precision for measurement of retrieval effectiveness},
  journal      = {{ACM} Trans. Inf. Syst.},
  volume       = {27},
  number       = {1},
  pages        = {2:1--2:27},
  year         = {2008},
  url          = {https://doi.org/10.1145/1416950.1416952},
  doi          = {10.1145/1416950.1416952}
}

@inproceedings{voorhees:2001,
  author       = {Ellen M. Voorhees},
  editor       = {Carol Peters and
                  Martin Braschler and
                  Julio Gonzalo and
                  Michael Kluck},
  title        = {The Philosophy of Information Retrieval Evaluation},
  booktitle    = {Evaluation of Cross-Language Information Retrieval Systems, Second
                  Workshop of the Cross-Language Evaluation Forum, {CLEF} 2001, Darmstadt,
                  Germany, September 3-4, 2001, Revised Papers},
  series       = {Lecture Notes in Computer Science},
  volume       = {2406},
  pages        = {355--370},
  publisher    = {Springer},
  year         = {2001},
  url          = {https://doi.org/10.1007/3-540-45691-0\_34},
  doi          = {10.1007/3-540-45691-0\_34}
}

@inproceedings{macavaney:2021,
  author       = {Sean MacAvaney and
                  Andrew Yates and
                  Sergey Feldman and
                  Doug Downey and
                  Arman Cohan and
                  Nazli Goharian},
  editor       = {Fernando Diaz and
                  Chirag Shah and
                  Torsten Suel and
                  Pablo Castells and
                  Rosie Jones and
                  Tetsuya Sakai},
  title        = {Simplified Data Wrangling with ir{\_}datasets},
  booktitle    = {{SIGIR} '21: The 44th International {ACM} {SIGIR} Conference on Research
                  and Development in Information Retrieval, Virtual Event, Canada, July
                  11-15, 2021},
  pages        = {2429--2436},
  publisher    = {{ACM}},
  year         = {2021},
  url          = {https://doi.org/10.1145/3404835.3463254},
  doi          = {10.1145/3404835.3463254}
}

%%% Recommended source for BibTeX entries: https://dblp.org/
%%% Still, you might want to post-process some of the DBLP BibTeX entries ...

%%% ... like changing to titlecase in the title and series fields below and probably removing the DBLP-specific fields timestamp, biburl, and bibsource
@book{jurafsky:2009,
  author    = {Dan Jurafsky and
               James H. Martin},
  title     = {Speech and Language Processing: An Introduction to Natural Language
               Processing, Computational Linguistics, and Speech Recognition, 2nd
               Edition},
  series    = {Prentice Hall Series in Artificial Intelligence},
  publisher = {Prentice Hall, Pearson Education International},
  year      = {2009},
  url       = {https://www.worldcat.org/oclc/315913020},
  isbn      = {9780135041963}
}

%%% Recommended bibkeys: <last name first author>:<year> 
%%% (in case of a key collision add a, b, c, ... at the end)

%%% Ordering your bibfile by key helps quick browsing w/o need to CTRL+F

@book{manning:2001,
  author    = {Christopher D. Manning and
               Hinrich Sch{\"{u}}tze},
  title     = {Foundations of Statistical Natural Language Processing},
  publisher = {{MIT} Press},
  year      = {2001},
  isbn      = {978-0-262-13360-9}
}

%%% Another change to DBLP BibTeX entries: spelling out journal names like here
@article{pedregosa:2011,
  author    = {Fabian Pedregosa and
               Ga{\"{e}}l Varoquaux and
               Alexandre Gramfort and
               Vincent Michel and
               Bertrand Thirion and
               Olivier Grisel and
               Mathieu Blondel and
               Peter Prettenhofer and
               Ron Weiss and
               Vincent Dubourg and
               Jake VanderPlas and
               Alexandre Passos and
               David Cournapeau and
               Matthieu Brucher and
               Matthieu Perrot and
               Edouard Duchesnay},
  title     = {Scikit-learn: Machine Learning in Python},
  journal   = {Journal of Machine Learning Research},
  volume    = {12},
  pages     = {2825--2830},
  year      = {2011},
  url       = {http://dl.acm.org/citation.cfm?id=2078195}
}

%%% When some BibTeX entry is not available at DBLP, try to mimick DBLP's "look and feel" like below
@article{rosenblatt:1958,
  author    = {Frank Rosenblatt},
  title     = {The Perceptron: A Probabilistic Model for Information Storage and Organization in the Brain},
  journal   = {Psychological Review},
  volume    = {65},
  number    = {6},
  pages     = {386--408},
  year      = {1958}
}

%%% Finally, you will probably most often cite some conference papers; make sure to rather not fetch the cross-referenced BibTex entries from DBLP
%%% Suggested change to the standard BibTeX entry: endash (--) for the date range of a conference (like in the pages field)
@inproceedings{zuccon:2016,
  author    = {Guido Zuccon and
               Jo{\~{a}}o R. M. Palotti and
               Allan Hanbury},
  editor    = {Snehasis Mukhopadhyay and
               ChengXiang Zhai and
               Elisa Bertino and
               Fabio Crestani and
               Javed Mostafa and
               Jie Tang and
               Luo Si and
               Xiaofang Zhou and
               Yi Chang and
               Yunyao Li and
               Parikshit Sondhi},
  title     = {Query Variations and their Effect on Comparing Information Retrieval
               Systems},
  booktitle = {Proceedings of the 25th {ACM} International Conference on Information
               and Knowledge Management, {CIKM} 2016, Indianapolis, IN, USA, October
               24--28, 2016},
  pages     = {691--700},
  publisher = {{ACM}},
  year      = {2016},
  url       = {https://doi.org/10.1145/2983323.2983723},
  doi       = {10.1145/2983323.2983723}
}